% Encoding: UTF-8

@article{Usmanova2020,
author = {Usmanova, K. and Zhuravlev, Yu and Rudakov, K. and Strijov, Vadim},
year = {2020},
month = {10},
pages = {196-202},
title = {Approximation of Quasiperiodic Signal Phase Trajectory Using Directional Regression},
volume = {44},
journal = {Moscow University Computational Mathematics and Cybernetics},
doi = {10.3103/S0278641920040068}
}

@article{LAI19961,
title = {Dynamical systems identification from time-series data: A hankel matrix approach},
journal = {Mathematical and Computer Modelling},
volume = {24},
number = {3},
pages = {1-10},
year = {1996},
issn = {0895-7177},
doi = {https://doi.org/10.1016/0895-7177(96)00095-7},
url = {https://www.sciencedirect.com/science/article/pii/0895717796000957},
author = {D. Lai and G. Chen},}
}
@article{Calafiore2002,
author = {Calafiore, G.},
year = {2002},
month = {04},
pages = {269 - 278},
title = {Approximation of n-dimensional data using spherical and ellipsoidal primitives},
volume = {32},
journal = {Systems, Man and Cybernetics, Part A: Systems and Humans, IEEE Transactions on},
doi = {10.1109/TSMCA.2002.1021114}
}

@misc{potts2021interpretable,
      title={Interpretable Approximation of High-Dimensional Data}, 
      author={Daniel Potts and Michael Schmischke},
      year={2021},
      eprint={2103.13787},
      archivePrefix={arXiv},
      primaryClass={stat.ML}
}

@article{Cheridito2021,
   title={Efficient Approximation of High-Dimensional Functions With Neural Networks},
   ISSN={2162-2388},
   url={http://dx.doi.org/10.1109/TNNLS.2021.3049719},
   DOI={10.1109/tnnls.2021.3049719},
   journal={IEEE Transactions on Neural Networks and Learning Systems},
   publisher={Institute of Electrical and Electronics Engineers (IEEE)},
   author={Cheridito, Patrick and Jentzen, Arnulf and Rossmannek, Florian},
   year={2021},
   pages={1â€“15}
}

@article{Andras2017,
author = {Andras, Peter},
year = {2017},
month = {01},
pages = {1-9},
title = {High-Dimensional Function Approximation With Neural Networks for Large Volumes of Data},
volume = {PP},
journal = {IEEE Transactions on Neural Networks and Learning Systems},
doi = {10.1109/TNNLS.2017.2651985}
}

@article{Motrenko2015,
author = {Motrenko, Anastasia and Strijov, Vadim},
year = {2015},
month = {08},
pages = {},
title = {Extracting Fundamental Periods to Segment Biomedical Signals},
volume = {20},
journal = {IEEE journal of biomedical and health informatics},
doi = {10.1109/JBHI.2015.2466440},
howpublished = {\url{http://dx.doi.org/10.1109/JBHI.2015.2466440}}
}

@article{Rosin1995,
  author={Rosin, P.L. and West, G.A.W.},
  journal={IEEE Transactions on Pattern Analysis and Machine Intelligence}, 
  title={Nonparametric segmentation of curves into various representations}, 
  year={1995},
  volume={17},
  number={12},
  pages={1140-1153},
  doi={10.1109/34.476507}}

@article{Ahn1998,
author = {Ahn, Sung Joon and Rauh, Wolfgang and Oberdorfer, Berend},
year = {1998},
month = {09},
pages = {333-340},
title = {Least Squares Fitting of Circle and Ellipse},
isbn = {978-3-540-64935-9},
doi = {10.1007/978-3-642-72282-0_36}
}

@article{Fitzgibbon1999,
  author={Fitzgibbon, A. and Pilu, M. and Fisher, R.B.},
  journal={IEEE Transactions on Pattern Analysis and Machine Intelligence}, 
  title={Direct least square fitting of ellipses}, 
  year={1999},
  volume={21},
  number={5},
  pages={476-480},
  doi={10.1109/34.765658},
  url = {http://dx.doi.org/10.1109/34.765658}
}


@article{Maaten2007,
  author  = {van der Maaten, Laurens and Postma, Eric and Herik, H.},
  journal = {Journal of Machine Learning Research},
  title   = {Dimensionality Reduction: A Comparative Review},
  year    = {2007},
  month   = {01},
  volume  = {10},
}

@Article{Wilson2014SphericalAH,
  author  = {R. Wilson, E. Hancock, E. Pekalska, R. P. Duin},
  journal = {IEEE Transactions on Pattern Analysis and Machine Intelligence},
  title   = {Spherical and Hyperbolic Embeddings of Data},
  year    = {2014},
  pages   = {2255-2269},
  volume  = {36},
}

@Article{Ezukwoke2019,
  author = {Ezukwoke, Kenneth and Zareian, Samaneh},
  title  = {KERNEL METHODS FOR PRINCIPAL COMPONENT ANALYSIS (PCA) A comparative study of classical and kernel PCA},
  year   = {2019},
  month  = {12},
  doi    = {10.13140/RG.2.2.17763.09760},
}

@Article{Scholkopf1998,
  author  = {Scholkopf, Bernhard and Smola, Alex and Muller, Klaus-Robert},
  journal = {Neural Computation},
  title   = {Nonlinear Component Analysis as a Kernel Eigenvalue Problem},
  year    = {1998},
  month   = {07},
  pages   = {1299-1319},
  volume  = {10},
  doi     = {10.1162/089976698300017467},
}

@Article{Golyandina2002,
  author  = {Golyandina N., Nekrutkin V., Zhigljavsky A. A.},
  journal = {Chapman and Hall},
  title   = {Analysis of Time Series Structure: SSA and Related Techniques},
  year    = {2002},
}

@InProceedings{Takens1981,
author="Takens, Floris",
editor="Rand, David
and Young, Lai-Sang",
title="Detecting strange attractors in turbulence",
booktitle="Dynamical Systems and Turbulence, Warwick 1980",
year="1981",
publisher="Springer Berlin Heidelberg",
address="Berlin, Heidelberg",
pages="366--381",
isbn="978-3-540-38945-3"
}
@Comment{jabref-meta: databaseType:bibtex;}
